

@misc{alapok,
	author={Király Gyula},
	title={Az időgazdálkodás alapjai},
	year={2020},
	howpublished={\url{http://docplayer.hu/25267846-Az-idogazdalkodas-alapjai.html}},
}

@misc{hatekonyido,
	author={Máthé Judit},
	title={Hatékony időgazdálkodás},
	year={2020},
	howpublished={\url{https://nkerepo.uni-nke.hu/xmlui/bitstream/handle/123456789/100179/487.pdf}},
}

@book{brian,
	author={Brian Tracy},
	title={Személyes hatékonyság},
	publisher={Bagolyvár Könyvkiadó},
	year=2007,
}

@misc{mindtools,
	author={Mind Tools Content Team},
	title={What Is Time Management?},
	year={2020},
	howpublished={\url{https://www.mindtools.com/pages/article/newHTE_00.htm}},
}

@misc{matrix,
	author={EISENHOWER},
	title={Introducing the Eisenhower Matrix},
	year={2017},
	howpublished={\url{https://www.eisenhower.me/eisenhower-matrix/}},
}

@book{gtd,
	author={David Allen},
	title={Hatékonyságnövelés stresszmentesen - GTD},
	publisher={HVG Kiadó Zrt, Budapest},
	year=2015,
}

@misc{ivylee,
	author={Mark Abadi},
	title={A CEO and dad uses a 100-year-old strategy to get control of his schedule in just 15 minutes each night},
	journal={Business Insider},
	year={2018},
	howpublished={\url{https://www.businessinsider.com/ivy-lee-method-productivity-2018-9}},
}

@misc{trello,
	author={Atlassian},
	title={Trello a személyes hatékonyságért},
	year={2020},
	howpublished={\url{https://trello.com/teams/personal-productivity}},
}

@misc{todoist,
	author={Tóth-Czere Péter},
	title={ToDoist bemutató, hogyan kezd el használni és miért!},
	journal={CoffeeBreak Consulting},
	year={2020},
	howpublished={\url{https://www.thecoffeebreak.hu/todoist-bemutato/}},
}

@misc{todo,
	author={GameStar Hungary},
	title={Így kezdd el rendszerezni az életed | PC World},
	year={2020},
	howpublished={\url{https://www.youtube.com/watch?v=-1yH5I7jdvs&feature=emb_title&ab_channel=GameStarHungary}},
}


@misc{knapsack,
	author={Edpresso Team},
	title={What is the Knapsack Problem?},
	journal={Educative, Inc.},
	year={2020},
	howpublished={\url{https://www.educative.io/edpresso/what-is-the-knapsack-problem}},
}

@misc{palmer,
	author={Dr. Kulcsár Gyula},
	title={Erőforrás tervezés előadásvázlat},
	journal={Miskolci Egyetem},
	year={2020},
	howpublished={\url{http://ait.iit.uni-miskolc.hu/~kulcsar/ET_2019_20_2f/ET_KGy_2019-20_2f_EA_08_Flow_Shop_v13.pd}},
}

@misc{sptwspt,
	author={Dr. Kulcsárné Forrai Mónika, Dr. Kulcsár Gyula},
	title={Erőforrás tervezés előadásvázlat},
	journal={Miskolci Egyetem},
	year={2017},
	howpublished={\url{http://ait.iit.uni-miskolc.hu/~kulcsar/ET_2016_17_2f/ET_KGy_2016-17_2f_ea_04_v01.pdf}},
}

@book{csharp,
	author={Sipos Marianna},
	title={Programozás élesben},
	publisher={InfoKit, Budapest},
	year=2004,
}

@misc{vs,
	author={Anshul Aggarwal},
	title={Introduction to Visual Studio},
	journal={GeeksforGeeks},
	year={2019},
	howpublished={\url{https://www.geeksforgeeks.org/introduction-to-visual-studio/}},
}

@misc{wpf,
	author={WPF Tutorial},
	title={About WPF: WPF vs. WinForms},
	year={2020},
	howpublished={\url{https://www.wpf-tutorial.com/about-wpf/wpf-vs-winforms/}},
}

@misc{databinding,
	author={Andy De George},
	title={Data binding overview in WPF},
	journal={Microsoft Docs},
	year={2019},
	howpublished={\url{https://docs.microsoft.com/en-us/dotnet/desktop/wpf/data/data-binding-overview?view=netdesktop-5.0#what-is-data-binding}},
}

@misc{mvvmpic,
	author={DevExpress},
	title={MVVM Framework},
	journal={Developer Express Inc.},
	year={2020},
	howpublished={\url{https://docs.devexpress.com/WPF/15112/mvvm-framework}},
}

@misc{mvvm,
	author={Gulyás Gábor},
	title={Mi fán terem az MVVM?},
	year={2015},
	howpublished={\url{https://bhawk.hu/mi-fan-terem-az-mvvm/}},
}


@misc{azure,
	author={Microsoft Azure},
	title={Mi az Azure DevOps Server?},
	journal={Microsoft},
	year={2020},
	howpublished={\url{https://azure.microsoft.com/hu-hu/services/devops/server/}},
}

@misc{linq,
	author={Programozási Nyelvek és Fordítóprogramok Tanszék},
	title={LINQ lekérdezések},
	journal={ELTE IK},
	year={2010},
	howpublished={\url{http://nyelvek.inf.elte.hu/leirasok/Csharp/index.php?chapter=25}},
}